@article{dutt2000spectral,
  title={Spectral deferred correction methods for ordinary differential equations},
  author={Dutt, Alok and Greengard, Leslie and Rokhlin, Vladimir},
  journal={BIT Numerical Mathematics},
  volume={40},
  number={2},
  pages={241--266},
  year={2000},
  publisher={Springer}
}

@article{layton2005implications,
  title={Implications of the choice of quadrature nodes for Picard integral deferred corrections methods for ordinary differential equations},
  author={Layton, Anita T and Minion, Michael L},
  journal={BIT Numerical Mathematics},
  volume={45},
  number={2},
  pages={341--373},
  year={2005},
  publisher={Springer}
}

@article{speck2015multi,
  title={A multi-level spectral deferred correction method},
  author={Speck, Robert and Ruprecht, Daniel and Emmett, Matthew and Minion, Michael and Bolten, Matthias and Krause, Rolf},
  journal={BIT Numerical Mathematics},
  volume={55},
  number={3},
  pages={843--867},
  year={2015},
  publisher={Springer}
}

@book{briggs2000multigrid,
  title={A multigrid tutorial},
  author={Briggs, William L and McCormick, Steve F and others},
  volume={72},
  year={2000},
  publisher={Siam}
}

@article{emmett2012toward,
  title={Toward an efficient parallel in time method for partial differential equations},
  author={Emmett, Matthew and Minion, Michael},
  journal={Communications in Applied Mathematics and Computational Science},
  volume={7},
  number={1},
  pages={105--132},
  year={2012},
  publisher={Mathematical Sciences Publishers}
}

@article{minion2011hybrid,
  title={A hybrid parareal spectral deferred corrections method},
  author={Minion, Michael},
  journal={Communications in Applied Mathematics and Computational Science},
  volume={5},
  number={2},
  pages={265--301},
  year={2011},
  publisher={Mathematical Sciences Publishers}
}

@techreport{dongarra2014applied,
  title={Applied mathematics research for exascale computing},
  author={Dongarra, Jack and Hittinger, Jeffrey and Bell, John and Chacon, Luis and Falgout, Robert and Heroux, Michael and Hovland, Paul and Ng, Esmond and Webster, Clayton and Wild, Stefan},
  year={2014},
  institution={Lawrence Livermore National Lab.(LLNL), Livermore, CA (United States)}
}

@article{ruprecht2014convergence,
  title={Convergence of {Parareal} with spatial coarsening},
  author={Ruprecht, Daniel},
  journal={PAMM},
  volume={14},
  number={1},
  pages={1031--1034},
  year={2014},
  publisher={Wiley Online Library}
}

@article{gander2007analysis,
  title={Analysis of the parareal time-parallel time-integration method},
  author={Gander, Martin J and Vandewalle, Stefan},
  journal={SIAM Journal on Scientific Computing},
  volume={29},
  number={2},
  pages={556--578},
  year={2007},
  publisher={SIAM}
}

@book{adams2008fortran,
  title={The {Fortran 2003} handbook: the complete syntax, features and procedures},
  author={Adams, Jeanne C and Brainerd, Walter S and Hendrickson, Richard A and Maine, Richard E and Martin, Jeanne T and Smith, Brian T},
  year={2008},
  publisher={Springer Science \& Business Media}
}

@article{pletzer2008exposing,
  title={Exposing {Fortran} derived types to {C} and other languages},
  author={Pletzer, Alexander and McCune, Douglas and Maszala, Stefan and Vadlamani, Srinath and Kruger, Scott},
  journal={Computing in Science \& Engineering},
  volume={10},
  number={4},
  pages={86--92},
  year={2008},
  publisher={IEEE Computer Society}
}

@techreport{rasmussen2001chasm,
  title={{CHASM:} Static analysis and automatic code generation for improved {Fortran 90} and {C++} interoperability},
  author={Rasmussen, Craig E and Lindlan, Kathy A},
  year={2001},
  institution={Los Alamos National Lab., NM (US)}
}

@article{mayer2017multi,
  title={On multi-language software development, cross-language links and accompanying tools: a survey of professional software developers},
  author={Mayer, Philip and Kirsch, Michael and Le, Minh Anh},
  journal={Journal of Software Engineering Research and Development},
  volume={5},
  number={1},
  pages={1},
  year={2017},
  publisher={Springer}
}

@article{malone2014interoperability,
  title={Interoperability in programming languages},
  author={Malone, Todd},
  journal={Scholarly Horizons: University of Minnesota, Morris Undergraduate Journal},
  volume={1},
  number={2},
  pages={3},
  year={2014}
}

@inproceedings{prabhu2011survey,
  title={A survey of the practice of computational science},
  author={Prabhu, Prakash and Kim, Hanjun and Oh, Taewook and Jablin, Thomas B and Johnson, Nick P and Zoufaly, Matthew and Raman, Arun and Liu, Feng and Walker, David and Zhang, Yun and others},
  booktitle={SC'11: Proceedings of 2011 International Conference for High Performance Computing, Networking, Storage and Analysis},
  pages={1--12},
  year={2011},
  organization={IEEE}
}

@article{chisnall2013challenge,
  title={The challenge of cross-language interoperability},
  author={Chisnall, David},
  journal={Communications of the ACM},
  volume={56},
  number={12},
  pages={50--56},
  year={2013},
  publisher={ACM New York, NY, USA}
}

@book{clerman2011modern,
  title={{Modern {Fortran}: style and usage}},
  author={Clerman, Norman S and Spector, Walter},
  year={2011},
  publisher={Cambridge University Press}
}

@book{gamma1994design,
  title={Design Patterns: Elements of Reusable Object-Oriented Software},
  author={Gamma, E. and Helm, R. and Johnson, R. and Vlissides, J.},
  isbn={9780321700698},
  series={Addison-Wesley Professional Computing Series},
  year={1994},
  publisher={Pearson Education}
}

@inproceedings{feldman1990fortran,
  title={{A {Fortran} to {C} converter}},
  author={Feldman, Stuart I},
  booktitle={ACM SIGPLAN Fortran Forum},
  volume={9},
  number={2},
  pages={21--22},
  year={1990},
  organization={ACM New York, NY, USA}
}

@book{feldman1985portable,
  title={A portable {Fortran 77} compiler},
  author={Feldman, Stuart I and Weinberger, Peter J and Berkman, J},
  year={1985},
  publisher={Computer Science Division, Department of Electrical Engineering and Computer~…}
}

@inproceedings{feldman1979implementation,
  title={Implementation of a portable {Fortran 77} compiler using modern tools},
  author={Feldman, Stuart I},
  booktitle={Proceedings of the 1979 SIGPLAN symposium on Compiler construction},
  pages={98--106},
  year={1979}
}

@misc{gfortranmanual,
  title={{Using GNU Fortran for GCC version 10.1.0}},
  author={{The gfortran team}},
  publisher={Free Software Foundation},
  year={2020},
  howpublished = {\url{https://gcc.gnu.org/onlinedocs/gcc-10.1.0/gfortran.pdf}},
}

% STANDARDS
% https://tex.stackexchange.com/questions/203901/how-to-cite-iso-or-british-standards-in-latex-bibtex

@techreport{F2018standard,
  type = {{ISO/IEC Standard 1539:2018}},
  title = {{Information technology --- Programming languages --- FORTRAN}}
}

@techreport{F2003standard,
  type = {{ISO/IEC Standard 1539:2004}},
  title = {{Information technology --- Programming languages --- FORTRAN}}
}

@techreport{F90standard,
  type = {{ISO/IEC Standard 1539:1991}},
  title = {{Information technology --- Programming languages --- FORTRAN}}
}

@techreport{C11standard,
  type = {{ISO/IEC Standard 9899:2011}},
  title = {{Information technology --- Programming languages --- C}}
}

@article{x86_64_abi,
  title={System {V} application binary interface},
  author={Lu, HJ and Matz, Michael and Hubicka, J and Jaeger, A and Mitchell, M},
  journal={AMD64 Architecture Processor Supplement},
  year={2018}
}

@inproceedings{seward2005using,
  title={Using {Valgrind} to Detect Undefined Value Errors with Bit-Precision.},
  author={Seward, Julian and Nethercote, Nicholas},
  booktitle={USENIX Annual Technical Conference, General Track},
  pages={17--30},
  year={2005}
}

@inproceedings{serebryany2012addresssanitizer,
  title={AddressSanitizer: A fast address sanity checker},
  author={Serebryany, Konstantin and Bruening, Derek and Potapenko, Alexander and Vyukov, Dmitriy},
  booktitle={Presented as part of the 2012 $\{$USENIX$\}$ Annual Technical Conference ($\{$USENIX$\}$$\{$ATC$\}$ 12)},
  pages={309--318},
  year={2012}
}

@misc{libpfasst_ug,
  title = {{LibPFASST User’s Guide}},
  author={Minion, Michael and Emmett, Matthew and Krull, Brandon and Goetschel, Sebastian and Hamon, Francois and Buvoli, Tomasso},
  howpublished = {\url{https://libpfasst.github.io/LibPFASST/docs/build/html/index.html}},
  note = {Accessed: 2020-05-24}
}

@misc{libpfasst_github,
  title = {{libpfasst/LibPFASST: A lightweight implementation of the PFASST algorithm}},
  author={Minion, Michael and Emmett, Matthew and Krull, Brandon and Goetschel, Sebastian and Hamon, Francois and Buvoli, Tomasso},
  howpublished = {\url{https://github.com/libpfasst/LibPFASST}},
  note = {Accessed: 2020-07-06}
}

@misc{corbet2019scstrings,
  title = {{C, Fortran, and single-character strings}},
  author = {Corbet, Jonathan},
  year={2019},
  howpublished = {\url{https://lwn.net/Articles/791393/}},
  note = {Accessed: 2020-04-21}
}

@misc{kalibera2019gfortran,
  title = {{GFortran Issues with LAPACK}},
  author = {Kalibera, Tomas},
  year={2019},
  howpublished = {\url{https://developer.r-project.org/Blog/public/2019/05/15/gfortran-issues-with-lapack/}},
  note = {Accessed: 2020-04-21}
}
